@article{cheah2015speculative,
  title={Speculative bubbles in Bitcoin markets? An empirical investigation into the fundamental value of Bitcoin},
  author={Cheah, Eng-Tuck and Fry, John},
  journal={Economics Letters},
  volume={130},
  pages={32--36},
  year={2015},
  publisher={Elsevier}
}

@article{yarovaya2016intra,
  title={Intra- and inter-regional return and volatility spillovers across emerging and developed markets: Evidence from stock indices and stock index futures},
  author={Yarovaya, Larisa and Brzeszczyński, Janusz and Lau, Charles KM},
  journal={International Review of Financial Analysis},
  volume={43},
  pages={96--114},
  year={2016},
  publisher={Elsevier}
}

@article{briere2015virtual,
  title={Virtual Currency, Tangible Return: Portfolio Diversification with Bitcoin},
  author={Briere, Marie and Oosterlinck, Kim and Szafarz, Ariane},
  journal={Journal of Asset Management},
  volume={16},
  number={6},
  pages={365--373},
  year={2015},
  doi={10.1057/jam.2015.5},
  url={https://ssrn.com/abstract=2324780}
}

@article{bencheikh2020asymmetric,
  title={Asymmetric volatility in cryptocurrency markets: New evidence from smooth transition GARCH models},
  author={Ben Cheikh, Nidhaleddine and Ben Zaied, Younes and Chevallier, Julien},
  journal={Finance Research Letters},
  volume={35},
  pages={101293},
  year={2020},
  issn={1544-6123},
  doi={10.1016/j.frl.2019.09.008},
  url={https://doi.org/10.1016/j.frl.2019.09.008}
}

@article{bouri2018bitcoin,
  title={Bitcoin and global financial stress: A copula-based approach to dependence and causality in the quantiles},
  author={Bouri, Elie and Gupta, Rangan and Lau, Charles KM and Roubaud, David and Wang, Shixuan},
  journal={The Quarterly Review of Economics and Finance},
  volume={69},
  pages={297--307},
  year={2018},
  issn={1062-9769},
  doi={10.1016/j.qref.2018.04.003},
  url={https://centaur.reading.ac.uk/79660/}
}
@article{akyildirim2020relationship,
  title={The relationship between implied volatility and cryptocurrency returns},
  author={Akyildirim, Erdinc and Corbet, Shaen and Lucey, Brian and Sensoy, Ahmet and Yarovaya, Larisa},
  journal={Finance Research Letters},
  volume={33},
  pages={101212},
  year={2020},
  issn={1544-6123},
  doi={10.1016/j.frl.2019.06.010},
  url={https://doi.org/10.1016/j.frl.2019.06.010}
}

@article{corbet2019cryptocurrencies,
  title={Cryptocurrencies as a financial asset: A systematic analysis},
  author={Corbet, Shaen and Lucey, Brian and Urquhart, Andrew and Yarovaya, Larisa},
  journal={International Review of Financial Analysis},
  volume={62},
  pages={182--199},
  year={2019},
  publisher={Elsevier}
}
@article{sifat2019,
  title={Bitcoin and Ethereum price predictability: A comparison across time horizons and frequency levels},
  author={Sifat, Ishrak A and Mohamad, Azizul M and Shariff, Mazlan Abdul},
  journal={International Review of Financial Analysis},
  volume={63},
  pages={333--344},
  year={2019},
  publisher={Elsevier}
}
@article{katsiampa2019,
  title={Volatility co-movement in major cryptocurrencies},
  author={Katsiampa, Paraskevi and Corbet, Shaen and Lucey, Brian},
  journal={Finance Research Letters},
  volume={29},
  pages={112--117},
  year={2019},
  publisher={Elsevier}
}
@article{mensi2019cryptocurrency,
  title={Wavelet analysis of the co-movement and portfolio management implications of five major cryptocurrencies and Bitcoin},
  author={Mensi, Walid and others},
  journal={Physica A: Statistical Mechanics and its Applications},
  volume={520},
  pages={376--391},
  year={2019},
  publisher={Elsevier}
}

@article{sifat2019bitcoin,
  title={Bitcoin and Ethereum price predictability: A comparison across time horizons and frequency levels},
  author={Sifat, Ishrak A and Mohamad, Azizul M and others},
  journal={International Review of Financial Analysis},
  volume={63},
  pages={333--344},
  year={2019},
  publisher={Elsevier}
}

@article{bariviera2017stylized,
  title={Some stylized facts of the Bitcoin market},
  author={Bariviera, Aurelio F and Basgall, María J and Hasperué, Waldo and Naiouf, Marcelo},
  journal={Physica A: Statistical Mechanics and its Applications},
  volume={484},
  pages={82--90},
  year={2017},
  publisher={Elsevier}
}

@article{katsiampa2019volatility,
  title={Volatility co-movement in major cryptocurrencies},
  author={Katsiampa, Paraskevi and Corbet, Shaen and others},
  journal={Finance Research Letters},
  volume={29},
  pages={112--117},
  year={2019},
  publisher={Elsevier}
}

@article{mensi2021oil,
  title={Oil price uncertainty and global stock returns},
  author={Mensi, Walid and Hammoudeh, Shawkat and others},
  journal={Economic Modelling},
  volume={94},
  pages={202--214},
  year={2021},
  publisher={Elsevier}
}

@article{sun2021spillover,
  title={Spillover effect between oil and stock markets in China at different time frequencies},
  author={Sun, Liang and others},
  journal={Energy Economics},
  volume={93},
  pages={104612},
  year={2021},
  publisher={Elsevier}
}

@article{peng2020dynamic,
  title={Dynamic multi-scale analysis of stock-oil volatility spillover using empirical mode decomposition and causality test},
  author={Peng, Shuhua and others},
  journal={International Review of Economics & Finance},
  volume={66},
  pages={211--222},
  year={2020},
  publisher={Elsevier}
}


@article{baur2018b,
  title={Bitcoin: Medium of exchange or speculative assets?},
  author={Baur, Dirk G and Dimpfl, Thomas and Kuck, Niels},
  journal={Journal of International Financial Markets, Institutions and Money},
  volume={54},
  pages={177--189},
  year={2018},
  publisher={Elsevier}
}
@article{chu2017,
  title={Statistical analysis of the exchange rate of Bitcoin},
  author={Chu, Jeffrey and Chan, Stephen and Nadarajah, Saralees and Osterrieder, Joerg},
  journal={PLOS ONE},
  volume={12},
  number={5},
  pages={e0177693},
  year={2017},
  publisher={Public Library of Science}
}

@article{katsiampa2017,
  title={Volatility estimation for Bitcoin: A comparison of GARCH models},
  author={Katsiampa, Paraskevi},
  journal={Economics Letters},
  volume={158},
  pages={3--6},
  year={2017},
  publisher={Elsevier}
}

@article{osterrieder2017,
  title={Bitcoin and cryptocurrencies - Not for the faint-hearted},
  author={Osterrieder, Joerg and Lorenz, Julian and Strika, Michal},
  journal={Physica A: Statistical Mechanics and its Applications},
  volume={490},
  pages={126--132},
  year={2017},
  publisher={Elsevier}
}

@article{gkillas2018,
  title={An application of extreme value theory to cryptocurrencies},
  author={Gkillas, Konstantinos and Katsiampa, Paraskevi},
  journal={Economics Letters},
  volume={164},
  pages={109--111},
  year={2018},
  publisher={Elsevier}
}

@article{phillip2018,
  title={A new look at cryptocurrencies},
  author={Phillip, Alexander and Chan, Stephen and Peiris, Shelton},
  journal={Economics Letters},
  volume={163},
  pages={6--9},
  year={2018},
  publisher={Elsevier}
}

@article{yermack2015,
  title={Is Bitcoin a real currency? An economic appraisal},
  author={Yermack, David},
  journal={Handbook of Digital Currency},
  pages={31--43},
  year={2015},
  publisher={Elsevier}
}

@article{baek2015,
  title={Bitcoins as an investment or speculative vehicle? A first look},
  author={Baek, Chung and Elbeck, Matt},
  journal={Applied Economics Letters},
  volume={22},
  number={1},
  pages={30--34},
  year={2015},
  publisher={Taylor \& Francis}
}

@article{dyhrberg2016b,
  title={Bitcoin, gold and the dollar – A GARCH volatility analysis},
  author={Dyhrberg, Anne Haubo},
  journal={Finance Research Letters},
  volume={16},
  pages={85--92},
  year={2016},
  publisher={Elsevier}
}

@article{tiwari2019,
  title={Time-varying efficiency of the cryptocurrency market},
  author={Tiwari, Aviral Kumar and Jana, Rajib and Das, Dipankor and Roubaud, David},
  journal={International Review of Financial Analysis},
  volume={63},
  pages={66--81},
  year={2019},
  publisher={Elsevier}
}
